@misc{google,
  author = {Google},
  title = {{Reduce APK size}},
  howpublished = "\url{https://developer.android.com/topic/performance/reduce-apk-size.html}",
  year = {2015}
}

@misc{idc,
  author = {IDC Research, Inc.},
  title = {{Worldwide Smartwatch Market Will See Modest Growth in 2016 Before Swelling to 50 Million Units in 2020}},
  howpublished = "\url{https://www.idc.com/getdoc.jsp?containerId=prUS41736916}",
  year={2016}
}

